
@misc{JPF,
  author = {NASA Ames Research Center},
  title = {Java {Path}{Finder}},
  year = 2012,
  note = {\\ http://babelfish.arc.nasa.gov/trac/jpf}
}

@misc{TIOBE,
  author = {TIOBE Software},
  title = {TIOBE Programming Community Index},
  year = 2012,
  note = {\\ http://www.tiobe.com/index.php/content/paperinfo/tpci/index.html}
}

@book{MOS2,
  author = {Andrew S. Tanenbaum},
  title = {モダンオペレーティングシステム 原著第２版},
  publisher = {ピアソン・エデュケーション},
  year = 2004
}

@book{JavaTGP,
  author = {Jim Waldo},
  title = {Java: The Good Parts},
  publisher = {オライリー・ジャパン},
  year = 2011
}

@inproceedings{DBLP:conf/kbse/LeungwattanakitAHTY11,
  author    = {Watcharin Leungwattanakit and
               Cyrille Artho and
               Masami Hagiya and
               Yoshinori Tanabe and
               Mitsuharu Yamamoto},
  title     = {Model checking distributed systems by combining caching
               and process checkpointing},
  booktitle = {ASE},
  year      = {2011},
  pages     = {103-112},
  ee        = {http://dx.doi.org/10.1109/ASE.2011.6100043},
  crossref  = {DBLP:conf/kbse/2011},
  bibsource = {DBLP, http://dblp.uni-trier.de}
}

@inproceedings{DBLP:conf/rv/Artho10,
  author    = {Cyrille Valentin Artho},
  title     = {Run-Time Verification of Networked Software},
  booktitle = {RV},
  year      = {2010},
  pages     = {59-73},
  ee        = {http://dx.doi.org/10.1007/978-3-642-16612-9_7},
  crossref  = {DBLP:conf/rv/2010},
  bibsource = {DBLP, http://dblp.uni-trier.de}
}

@inproceedings{DBLP:conf/kbse/ArthoLHTY09,
  author    = {Cyrille Artho and
               Watcharin Leungwattanakit and
               Masami Hagiya and
               Yoshinori Tanabe and
               Mitsuharu Yamamoto},
  title     = {Cache-Based Model Checking of Networked Applications: From
               Linear to Branching Time},
  booktitle = {ASE},
  year      = {2009},
  pages     = {447-458},
  ee        = {http://doi.ieeecomputersociety.org/10.1109/ASE.2009.43},
  crossref  = {DBLP:conf/kbse/2009},
  bibsource = {DBLP, http://dblp.uni-trier.de}
}

@inproceedings{DBLP:conf/tools/ArthoLHT08,
  author    = {Cyrille Artho and
               Watcharin Leungwattanakit and
               Masami Hagiya and
               Yoshinori Tanabe},
  title     = {Efficient Model Checking of Networked Applications},
  booktitle = {TOOLS (46)},
  year      = {2008},
  pages     = {22-40},
  ee        = {http://dx.doi.org/10.1007/978-3-540-69824-1_3},
  crossref  = {DBLP:conf/tools/46-2008},
  bibsource = {DBLP, http://dblp.uni-trier.de}
}

@article{DBLP:journals/csur/CoffmanES71,
  author    = {Edward G. Coffman Jr. and
               M. J. Elphick and
               Arie Shoshani},
  title     = {System Deadlocks},
  journal   = {ACM Comput. Surv.},
  volume    = {3},
  number    = {2},
  year      = {1971},
  pages     = {67-78},
  ee        = {http://doi.acm.org/10.1145/356586.356588},
  bibsource = {DBLP, http://dblp.uni-trier.de}
}

@article{DBLP:journals/csur/Holt72,
  author    = {Richard C. Holt},
  title     = {Some Deadlock Properties of Computer Systems},
  journal   = {ACM Comput. Surv.},
  volume    = {4},
  number    = {3},
  year      = {1972},
  pages     = {179-196},
  ee        = {http://doi.acm.org/10.1145/356603.356607},
  bibsource = {DBLP, http://dblp.uni-trier.de}
}
